<record xmlns:xsi="http://www.w3.org/2001/XMLSchema-instance" xmlns="http://www.loc.gov/MARC21/slim" xsi:schemaLocation="http://www.loc.gov/MARC21/slim http://www.loc.gov/standards/marcxml/schema/MARC21slim.xsd">

  <leader>00646nam a2200193Ia 4500</leader>
  <datafield ind2=" " tag="999" ind1=" ">
    <subfield code="c">841</subfield>
    <subfield code="d">841</subfield>
  </datafield>
  <controlfield tag="008">170816b2002    cr ||||| |||| 00| | spa d</controlfield>
  <datafield ind1=" " tag="020" ind2=" ">
    <subfield code="a">9968778036</subfield>
  </datafield>
  <datafield tag="090" ind1=" " ind2=" ">
    <subfield code="a">04.02.01 </subfield>
    <subfield code="b">1893</subfield>
  </datafield>
  <datafield ind2=" " ind1="2" tag="110">
    <subfield code="a">Instituto Interamericano de Derechos Humanos</subfield>
    <subfield code="9">598</subfield>
  </datafield>
  <datafield ind1="1" tag="245" ind2="0">
    <subfield code="a">Protección de derechos humanos / </subfield>
    <subfield code="c">Instituto Interamericano de Derechos Humanos</subfield>
  </datafield>
  <datafield ind2=" " tag="250" ind1=" ">
    <subfield code="a">2 edición</subfield>
  </datafield>
  <datafield ind2=" " ind1=" " tag="260">
    <subfield code="a">San José, Costa Rica : </subfield>
    <subfield code="b">Instituto Interamericano de Derechos Humanos,</subfield>
    <subfield code="c">2002</subfield>
  </datafield>
  <datafield tag="300" ind1=" " ind2=" ">
    <subfield code="a">68 páginas</subfield>
  </datafield>
  <datafield ind2=" " tag="490" ind1=" ">
    <subfield code="a">Módulos Educativos, </subfield>
    <subfield code="v">1</subfield>
  </datafield>
  <datafield ind2="4" ind1="1" tag="650">
    <subfield code="a">DERECHOS CIVILES</subfield>
    <subfield code="9">1502</subfield>
  </datafield>
  <datafield ind2="4" tag="650" ind1="1">
    <subfield code="a">ENSEÑANZA</subfield>
    <subfield code="9">14</subfield>
  </datafield>
  <datafield ind1="1" tag="650" ind2="4">
    <subfield code="a">DERECHOS HUMANOS</subfield>
    <subfield code="9">588</subfield>
  </datafield>
  <datafield ind2=" " tag="942" ind1=" ">
    <subfield code="2">z</subfield>
    <subfield code="c">01</subfield>
  </datafield>
</record>